@misc{elgalabwaterImpactoCompuestosInorganicos2018,
  title   = {Impacto de Los Compuestos Inorg\'anicos | {{Impurezas}} En El Agua},
  author  = {{ELGA LabWater}},
  year    = {2018},
  urldate = {2023-06-11},
  url     = {https://es.elgalabwater.com/inorganic-compounds},
  file    = {C\:\\Users\\User\\Zotero\\storage\\P6HCE4Y5\\inorganic-compounds.html}
}

@misc{elgalabwaterImpactoCompuestosOrganicos2018,
  title   = {Impacto de Los Compuestos Org\'anicos | {{Impurezas}} En El Agua},
  author  = {{ELGA LabWater}},
  year    = {2018},
  urldate = {2023-06-11},
  url     = {https://es.elgalabwater.com/organic-compounds},
  file    = {C\:\\Users\\User\\Zotero\\storage\\LIWSUYRA\\organic-compounds.html}
}

@techreport{farm.veronicamartinezFARMACOPEAS2005,
  title  = {{{FARMACOPEAS}}},
  author = {{Farm. Ver\'onica Martinez}},
  year   = {2005}
}

@misc{higieneambientalHistoriaTratamientoAgua2018,
  title    = {La Historia Del Tratamiento Del Agua Potable: Un Camino Hacia La Mejora Radical de La Salud P\'ublica | {{Higiene Ambiental}}},
  author   = {{higieneambiental}},
  year     = {2018},
  urldate  = {2023-06-11},
  abstract = {El agua es fuente de vida... pero tambi\'en puede ser el medio m\'as eficiente para transmitir r\'apidamente pat\'ogenos. La cloraci\'on, desde principios del siglo XX, ha reducido dr\'asticamente la incidencia de las principales enfermedades transmitidas por el agua. Pero diversos tratamientos del agua se iniciaron ya miles de a\~nos antes, y han evolucionado hasta conseguir lo que ahora nos parece obvio: un grifo del que brota continuamente agua potable.},
  url      = {https://higieneambiental.com/aire-agua-y-legionella/la-historia-del-tratamiento-del-agua-potable-un-camino-hacia-la-mejora-radical-de-la-salud-publica},
  file     = {C\:\\Users\\User\\Zotero\\storage\\HFGXGNPV\\la-historia-del-tratamiento-del-agua-potable-un-camino-hacia-la-mejora-radical-de-la-salud-publ.html}
}

@misc{ispeGoodManufacturingPractice,
  title   = {Good {{Manufacturing Practice}} ({{GMP}}) {{Resources}} | {{ISPE}} | {{International Society}} for {{Pharmaceutical Engineering}}},
  author  = {{ISPE}},
  urldate = {2023-06-11},
  url     = {https://ispe.org/initiatives/regulatory-resources/gmp},
  file    = {C\:\\Users\\User\\Zotero\\storage\\SUS3WPYV\\gmp.html}
}

@misc{juanantoniodelacuerdaImportanciaAguaIndustria2021,
  title   = {La Importancia Del Agua En La Industria Farmac\'eutica},
  author  = {{Juan Antonio de la Cuerda}},
  year    = {2021},
  urldate = {2023-06-11},
  url     = {https://revistas.eleconomista.es/agua/2021/diciembre/la-importancia-del-agua-en-la-industria-farmaceutica-YA9763706},
  file    = {C\:\\Users\\User\\Zotero\\storage\\GQ2CNF8D\\la-importancia-del-agua-en-la-industria-farmaceutica-YA9763706.html}
}

@article{kayayAdvancesRealtimeMonitoring2020,
  title   = {Advances in Real-Time Monitoring of Water and Wastewater Treatment Processes: {{A}} Review},
  author  = {{Kaya, Y} and {Ak\c{c}a, L}},
  year    = {2020},
  journal = {Journal of Water Process Engineering},
  volume  = {38},
  pages   = {2545--2602}
}

@misc{luiscarrascoQueTipoImpurezas2021,
  title   = {Que Tipo de Impurezas Podemos Encontrar En El Agua? \textendash{} {{Breve}} Con {{Sejo}}},
  author  = {{Luis Carrasco}},
  year    = {2021},
  urldate = {2023-05-11},
  url     = {https://breveconsejo.com.mx/que-tipo-de-impurezas-podemos-encontrar-en-el-agua/}
}

@misc{mireyadelpilararcospulidoIndicadoresMicrobiologicosContaminacion2015,
  title    = {Indicadores Microbiol\'ogicos de Contaminaci\'on de Las Fuentes de Agua},
  author   = {{Mireya del Pilar Arcos Pulido} and {Sara Lilia \'Avila de Navia} and {Sandra M\'onica Estupi\~n\'an Torres} and {Aura Cristina G\'omez Prieto}},
  year     = {2015},
  urldate  = {2023-04-01},
  abstract = {El crecimiento de la poblaci\'on a nivel mundial ha incrementado los niveles de contaminaci\'on. Esta contaminaci\'on est\'a relacionada con el vertido de agua de desecho de origen dom\'estico e industrial a los cuerpos de agua. En el caso de los residuos de origen dom\'estico, la carga contaminante est\'a representada por altos porcentajes de materia org\'anica y microorganismos de origen fecal. El control de la calidad microbiol\'ogica del agua de consumo y de desecho, requiere de an\'alisis dirigidos a determinar la presencia de microorganismos pat\'ogenos; los agentes involucrados en la transmisi\'on h\'idrica son las bacterias, virus y protozoos, que pueden causar enfermedades con diferentes niveles de gravedad, desde gastroenteritis simple hasta casos fatales de diarrea, disenter\'ia, hepatitis o fiebre tifoidea. El diagn\'ostico de estos microorganismos, requiere laboratorios especializados y representa varios d\'ias de an\'alisis y costos elevados. Como alternativa a estos inconvenientes, se ha propuesto el uso de indicadores microbianos que se puedan identificar mediante el uso de m\'etodos sencillos, r\'apidos y econ\'omicos. El diagn\'ostico y posterior recuperaci\'on de las fuentes de agua naturales contaminadas, debe hacerse adem\'as, teniendo en cuenta las implicaciones que en t\'erminos ecol\'ogicos y sanitarios representa la degradaci\'on del recurso. En este sentido, las microalgas perifiticas se constituyen como buenos indicadores del estado tr\'ofico de los ecosistemas y responden a los disturbios ocurridos modificando su estructura en cuanto a composici\'on y abundancia se refiere. Este trabajo hace una revisi\'on de los principales bioindicadores de contaminaci\'on y su significado en la evaluaci\'on de la calidad del agua.},
  url      = {https://www.researchgate.net/publication/316949337\_Indicadores\_microbiologicos\_de\_contaminacion\_de\_las\_fuentes\_de\_agua},
  file     = {C\:\\Users\\User\\Zotero\\storage\\YREKR93A\\316949337_Indicadores_microbiologicos_de_contaminacion_de_las_fuentes_de_agua.html}
}

@misc{oceanebidaultQueFactoresDeterminan,
  title    = {{\textquestiondown Qu\'e factores determinan la calidad del agua?}},
  author   = {{Oc\'eane Bidault}},
  journal  = {Waterlogic},
  urldate  = {2023-05-18},
  abstract = {La calidad de agua se mide con factores qu\'imicos, f\'isicos, biol\'ogicos y bacteriol\'ogicos pero el nivel de dureza es un par\'ametros importante},
  url      = {https://www.waterlogic.es/blog/que-factores-determinan-la-calidad-del-agua/},
  langid   = {spanish},
  file     = {C\:\\Users\\User\\Zotero\\storage\\J3IDG4D5\\que-factores-determinan-la-calidad-del-agua.html}
}

@article{quxApplicationsNanotechnologyWater2013,
  title   = {Applications of Nanotechnology in Water and Wastewater Treatment. {{Water Research}}},
  author  = {{Qu, X} and {Alvarez, P} and {Li, Q}},
  year    = {2013},
  journal = {Water Research},
  volume  = {47},
  number  = {12},
  pages   = {3931--3946}
}

@misc{setaphtTratamientosAguaPara,
  title   = {Tratamientos de Agua Para Usos Farmac\'euticos},
  author  = {{setapht}},
  urldate = {2023-06-02},
  url     = {https://www.setapht.com/blog/tratamientos-de-agua-para-usos-farmaceuticos/},
  file    = {C\:\\Users\\User\\Zotero\\storage\\8PD6LT8K\\tratamientos-de-agua-para-usos-farmaceuticos.html}
}

@incollection{WaterWastewaterTreatment2012,
  title      = {Water and Wastewater Treatment: Biological Processes},
  shorttitle = {Water and Wastewater Treatment},
  booktitle  = {Metropolitan {{Sustainability}}},
  year       = {2012},
  month      = jan,
  pages      = {406--428},
  publisher  = {{Woodhead Publishing}},
  doi        = {10.1533/9780857096463.3.406},
  urldate    = {2023-06-11},
  abstract   = {Population growth in urban areas is leading to an expansion in industrial development, which in turn creates increased volumes of wastewater with ever\ldots},
  isbn       = {978-0-85709-646-3},
  langid     = {english},
  file       = {C\:\\Users\\User\\Zotero\\storage\\THLYJWMI\\B9780857090461500187.html}
}
